@online{forbesFuture,
  title={Predicting The Future Of Digital Marketplaces},
  author={Louis Columbus},
  journal={Forbes},
  year={2018},
  url={https://www.forbes.com/sites/louiscolumbus/2018/10/21/predicting-the-future-of-digital-marketplaces}
}

@online{marketplaceBoom,
  title={The Marketplace Model Boom: \$4 Trillion by 2020},
  journal={McFadyen Digital},
  year={2018},
  url={https://mcfadyen.com/2018/06/28/the-marketplace-model-boom-4-trillion-by-2020/}
}

@online{whatsNext,
  title={What's next for marketplace startups? Reinventing the \$10 trillion service economy, that's what.},
  author={Andrew Chen},
  url={https://andrewchen.co/how-marketplaces-will-reinvent-the-service-economy/}
}

@online{economyDistribution,
  title={Distribution of gross domestic product (GDP) across economic sectors in the United States from 2000 to 2017},
  journal={Statista},
  url={https://www.statista.com/statistics/270001/distribution-of-gross-domestic-product-gdp-across-economic-sectors-in-the-us/}
}

@book{blitzscaling,
  title={Blitzscaling},
  author={Reid Hoffman, Chris Yeh},
  year={2018}
}